<?xml version="1.0" encoding="UTF-8"?><collection xmlns="http://www.loc.gov/MARC21/slim"><record><leader>00463nam--2200157-i-4500</leader><controlfield tag="001">000031807</controlfield><controlfield tag="002">20161230</controlfield><controlfield tag="005">20161230201038</controlfield><controlfield tag="008">060222s1000------------r-----000-0-eng-d</controlfield><datafield ind1=" " ind2=" " tag="080"><subfield code="a">530.182(043)</subfield></datafield><datafield ind1=" " ind2=" " tag="100"><subfield code="a">Matzenmiller, Anton</subfield></datafield><datafield ind1=" " ind2=" " tag="245"><subfield code="a">Ein rationales losungskonzept fur geometrisch und physikalisch nichtlineare strukturberechnungen. dissert</subfield></datafield><datafield ind1=" " ind2=" " tag="260"><subfield code="a">Stuttgart, Univ., 1988,</subfield></datafield><datafield ind1=" " ind2=" " tag="300"><subfield code="a">213 p</subfield></datafield><datafield ind1=" " ind2=" " tag="852"><subfield code="a">78999</subfield><subfield code="c">513</subfield></datafield><datafield ind1=" " ind2=" " tag="CAT"><subfield code="a">Sys</subfield><subfield code="c">20080530</subfield><subfield code="h">095250</subfield></datafield></record></collection>